[gd_scene load_steps=8 format=2]

[ext_resource path="res://throwables/throwables.gd" type="Script" id=1]
[ext_resource path="res://throwables/Three.gd" type="Script" id=2]
[ext_resource path="res://throwables/Two.gd" type="Script" id=3]
[ext_resource path="res://throwables/One.gd" type="Script" id=4]

[sub_resource type="CircleShape2D" id=1]

[sub_resource type="CircleShape2D" id=2]

[sub_resource type="CircleShape2D" id=3]

[node name="Throwables" type="Node2D"]
script = ExtResource( 1 )

[node name="One" type="RigidBody2D" parent="."]
position = Vector2( 0, 3.173 )
collision_layer = 2
collision_mask = 3
gravity_scale = 20.0
contacts_reported = 1
contact_monitor = true
sleeping = true
script = ExtResource( 4 )

[node name="ColorRect" type="ColorRect" parent="One"]
margin_right = 40.0
margin_bottom = 40.0
color = Color( 0.756863, 0.0862745, 0.0862745, 1 )
__meta__ = {
"_edit_use_anchors_": false
}

[node name="CollisionShape2D" type="CollisionShape2D" parent="One"]
position = Vector2( 20, 20 )
scale = Vector2( 2, 2 )
shape = SubResource( 1 )

[node name="Timer" type="Timer" parent="One"]
one_shot = true

[node name="Two" type="RigidBody2D" parent="."]
position = Vector2( 80, 3.173 )
collision_layer = 2
collision_mask = 3
gravity_scale = 20.0
contacts_reported = 1
contact_monitor = true
sleeping = true
script = ExtResource( 3 )

[node name="ColorRect" type="ColorRect" parent="Two"]
margin_right = 40.0
margin_bottom = 40.0
color = Color( 0.756863, 0.0862745, 0.337255, 1 )
__meta__ = {
"_edit_use_anchors_": false
}

[node name="CollisionShape2D" type="CollisionShape2D" parent="Two"]
position = Vector2( 20, 20 )
scale = Vector2( 2, 2 )
shape = SubResource( 2 )

[node name="Timer" type="Timer" parent="Two"]
one_shot = true

[node name="Three" type="RigidBody2D" parent="."]
position = Vector2( 160, 3.173 )
collision_layer = 2
collision_mask = 3
gravity_scale = 20.0
contacts_reported = 1
contact_monitor = true
sleeping = true
script = ExtResource( 2 )

[node name="ColorRect" type="ColorRect" parent="Three"]
margin_right = 40.0
margin_bottom = 40.0
color = Color( 0.262745, 0.756863, 0.0862745, 1 )
__meta__ = {
"_edit_use_anchors_": false
}

[node name="CollisionShape2D" type="CollisionShape2D" parent="Three"]
position = Vector2( 20, 20 )
scale = Vector2( 2, 2 )
shape = SubResource( 3 )

[node name="Timer" type="Timer" parent="Three"]
one_shot = true
[connection signal="body_shape_entered" from="One" to="One" method="_on_body_shape_entered"]
[connection signal="timeout" from="One/Timer" to="One" method="_on_Timer_timeout"]
[connection signal="body_shape_entered" from="Two" to="Two" method="_on_body_shape_entered"]
[connection signal="timeout" from="Two/Timer" to="Two" method="_on_Timer_timeout"]
[connection signal="body_shape_entered" from="Three" to="Three" method="_on_body_shape_entered"]
[connection signal="timeout" from="Three/Timer" to="Three" method="_on_Timer_timeout"]
